<?xml version="1.0" encoding="UTF-8"?><record xmlns="http://www.loc.gov/MARC21/slim" xmlns:cinclude="http://apache.org/cocoon/include/1.0" xmlns:zs="http://www.loc.gov/zing/srw/">
  <leader>01056cz  a2200229n  4500</leader>
  <controlfield tag="001">nr 95008295 </controlfield>
  <controlfield tag="003">DLC</controlfield>
  <controlfield tag="005">20081105082258.0</controlfield>
  <controlfield tag="008">950306n| acannaabn          |b aaa      </controlfield>
  <datafield tag="010" ind1=" " ind2=" ">
    <subfield code="a">nr 95008295 </subfield>
  </datafield>
  <datafield tag="035" ind1=" " ind2=" ">
    <subfield code="a">(OCoLC)oca03787862</subfield>
  </datafield>
  <datafield tag="040" ind1=" " ind2=" ">
    <subfield code="a">DLC-R</subfield>
    <subfield code="b">eng</subfield>
    <subfield code="c">DLC-R</subfield>
    <subfield code="d">DLC-R</subfield>
    <subfield code="d">OCoLC</subfield>
  </datafield>
  <datafield tag="100" ind1="1" ind2=" ">
    <subfield code="a">Han, Kyŏng-gu,</subfield>
    <subfield code="d">1956-</subfield>
  </datafield>
  <datafield tag="400" ind1="1" ind2=" ">
    <subfield code="a">Han, Kyung-koo,</subfield>
    <subfield code="d">1956-</subfield>
  </datafield>
  <datafield tag="400" ind1="1" ind2=" ">
    <subfield code="a">Kan, Keikyū,</subfield>
    <subfield code="d">1956-</subfield>
  </datafield>
  <datafield tag="400" ind1="1" ind2=" ">
    <subfield code="a">韓敬九,</subfield>
    <subfield code="d">1956-</subfield>
  </datafield>
  <datafield tag="400" ind1="1" ind2=" ">
    <subfield code="a">한 경구,</subfield>
    <subfield code="d">1956-</subfield>
  </datafield>
  <datafield tag="400" ind1="1" ind2=" ">
    <subfield code="a">한경구,</subfield>
    <subfield code="d">1956-</subfield>
  </datafield>
  <datafield tag="667" ind1=" " ind2=" ">
    <subfield code="a">Machine-derived non-Latin script reference project.</subfield>
  </datafield>
  <datafield tag="667" ind1=" " ind2=" ">
    <subfield code="a">Non-Latin script references not evaluated.</subfield>
  </datafield>
  <datafield tag="670" ind1=" " ind2=" ">
    <subfield code="a">Kongdongchʻe rosŏ ŭi hoesa, 1994:</subfield>
    <subfield code="b">t.p. (Han Kyŏng-gu) colophon (b. 1956 in Sŏul; munhak sŏksa, Sŏul Taehakkyo Taehagwŏn Illyu Hakkwa; illyuhak paksa, Harvard Univ.; prof., Kangwŏndae Illyu Hakkwa)</subfield>
  </datafield>
  <datafield tag="670" ind1=" " ind2=" ">
    <subfield code="a">Kan-Nichi shakai soshiki no hikaku, 2002:</subfield>
    <subfield code="b">t.p. (Han, Kyŏng-gu [Kor. rom.]; Kan Keikyū [Jpn rom]) p. 318 (Han Kyung-koo [Kor. reading]; b. 1956; prof. Kokumin Daigakkō Kokusai Gakubu; D.Anthol.)</subfield>
  </datafield>
</record>